@article{Hixson2000,
   author = {{Hixson}, R.~S. and {Shaw}, M.~S. and {Fritz}, J.~N. and {Vorthman}, J.~E. and 
	{Anderson}, W.~W.},
    title = "{Release isentropes of overdriven plastic-bonded explosive PBX-9501}",
  journal = {Journal of Applied Physics},
 keywords = {Equations of state of specific substances, High-pressure and shock wave effects in solids and liquids, Statistical mechanics of lattice vibrations and displacive phase transitions},
     year = 2000,
    month = dec,
   volume = 88,
    pages = {6287-6293},
      doi = {10.1063/1.1323513},
   adsurl = {http://adsabs.harvard.edu/abs/2000JAP....88.6287H},
  adsnote = {Provided by the SAO/NASA Astrophysics Data System}
}

@Book{FickettDavis,
  author = 	 {W. Fickett and W.C. Davis},
  title = 	 {Detonation Theory and Experiment},
  publisher = 	 {Dover},
  year = 	 {1999},
  OPTkey = 	 {},
  OPTvolume = 	 {},
  OPTnumber = 	 {},
  OPTseries = 	 {},
  OPTaddress = 	 {},
  OPTedition = 	 {},
  OPTmonth = 	 {},
  OPTnote = 	 {},
  OPTannote = 	 {}
}

@article{Shannon48,
	author={C.E. Shannon},
	title={A mathematical theory of communication},
	journal={Bell Syst. Tech. J.},
	year={1948},
	volume={27},
	pages={379-423 and 623-656},
	month={July and October}
}

@BOOK{CoverThomas, 
  title = {Elements of Information Theory}, 
  publisher = {Wiley-Interscience}, 
  year = {2006}, 
  author = {T. Cover and J. Thomas}, 
  address = {New York},
  edition = 2,
}
@ARTICLE{Bartlett97,
author={Bartlett, P.L. and Kulkarni, S.R. and Posner, S.E.},
journal={Information Theory, IEEE Transactions on}, title={Covering numbers for real-valued function classes},
year={1997},
volume={43},
number={5},
pages={1721-1724},
keywords={combinatorial mathematics;entropy;functions;information theory;&Lscr;1 metric;&Lscr;1(dP) metrics;covering numbers;general function classes;growth rate;lower bounds;real-valued function classes;scale-sensitive combinatorial dimension;upper bounds;Atmosphere;Cyclic redundancy check;Entropy;Fourier transforms;Mathematics;Polynomials;Sampling methods;Virtual colonoscopy},
doi={10.1109/18.623181},
ISSN={0018-9448},}

@article{higdon2008computer,
  title={Computer model calibration using high-dimensional output},
  author={Higdon, D. and Gattiker, J. and Williams, B. and Rightley, M.},
  journal={Journal of the American Statistical Association},
  volume={103},
  number={482},
  pages={570--583},
  year={2008},
  publisher={American Statistical Association}
}

@article{fritz96,
  title="{Overdriven-detonation and sound-speed measurements in PBX-9501 and the		``thermodynamic'' Chapman--Jouguet pressure}",
  author={Fritz, JN and Hixson, RS and Shaw, MS and Morris, CE and McQueen, RG},
  journal={Journal of applied physics},
  volume={80},
  number={11},
  pages={6129--6141},
  year={1996},
  publisher={AIP}
}

@Unpublished{Pemberton9501,
  author =       {S Pemberton and T Sandoval and T Herrera and J Echave and G Maskaly},
  title =        "{Test report of equation of state measurements of PBX-9501}",
  note =         {\url{http://permalink.lanl.gov/object/tr?what=info:lanl-repo/lareport/LA-UR-11-04999}},
  OPTkey =       {},
  OPTmonth =     {},
  OPTyear =      {},
  OPTannote =    {}
}

%%%---------------
%%% Local Variables:
%%% eval: (bibtex-mode)
%%% eval: (setq ispell-personal-dictionary "./localdict")
%%% End:
